@article{liu@jacm73,
	author = {C. L. Liu and James W. Layland},
	title = {{Scheduling Algorithms for Multiprogramming in a
                  Hard-Real-Time Environment}},
	journal = {J. ACM},
	volume = {20},
	number = {1},
	year = {1973},
	issn = {0004-5411},
	pages = {46--61},
	doi = {http://doi.acm.org/10.1145/321738.321743},
	publisher = {ACM Press},
	address = {New York, NY, USA},
}
 
@article{burns@adalett04,
	author = {Alan Burns and Brian Dobbing and Tullio Vardanega},
	title = {Guide for the use of the {A}da {R}avenscar {P}rofile
                  in {H}igh-integrity {S}ystems},
	journal = {Ada Lett.},
	volume = {XXIV},
	number = {2},
	year = {2004},
	issn = {1094-3641},
	pages = {1--74},
	doi = {http://doi.acm.org/10.1145/997119.997120},
	publisher = {ACM Press},
	address = {New York, NY, USA},
}

@article{sha@toc90,
  author = {L. Sha and R. Rajkumar and J.P. Lehoczky},
  title = {{Priority Inheritance Protocols: An Approach to
            Real-time Synchronization}},
  journal = {IEEE Transactions on Computers},
  volume = {39},
  number = {9},
  year = {1990},
  issn = {0018-9340},
  pages = {1175-1185},
  doi = {http://doi.ieeecomputersociety.org/10.1109/12.57058},
  publisher = {IEEE Computer Society},
  address = {Los Alamitos, CA, USA},
}

@article{sha@computer93,
  author = {L. Sha and M. H. Klein and J. B. Goodenough},
  title = {{Rate Monotonic Analysis for Real-time Systems}},
  journal = {Computer},
  volume = {26},
  number = {3},
  year = {1993},
  issn = {0018-9162},
  pages = {73--74},
  doi = {http://dx.doi.org/10.1109/2.204696},
  publisher = {IEEE Computer Society Press},
  address = {Los Alamitos, CA, USA},
}
 
@book{codebook,
  author = {Simon Singh},
  title = {{The Code Book}},
  publisher = {Anchor},
  year = 2000
}

@manual{arm95,
  title = "Ada 95 {L}anguage {R}eference {M}anual",
  author = {{Ada Working Group}},
  year = 1995,
  note = {Available at \url{http://www.adaic.com/standards/95lrm/RM.pdf}},
  organization = "ISO/IEC"
}

@manual{arm05,
  TITLE = "Ada 2005 {L}anguage {R}eference {M}anual",
  AUTHOR = {{Ada Working Group}},
  YEAR = "2005",
  NOTE = {Available at \url{http://www.adaic.com/standards/05rm/RM-Final.pdf}},
  ORGANIZATION = "ISO/IEC"
}

@article{burns@adalett99,
  author = "Alan Burns",
  title = "The {Ravenscar Profile}",
  journal = "ACM SIGADA Ada Letters",
  volume = "19",
  number = "4",
  pages = "49--52",
  year = "1999",
  url = "citeseer.ist.psu.edu/burns99ravenscar.html"
}

@manual{aadlapi,
  TITLE = "Language {C}ompliance and {A}pplication {P}rogram {I}nterface",
  AUTHOR = "SAE",
  YEAR = "2005",
  NOTE = {The AADL Specification Document Annex D},
  ORGANIZATION = "SAE"
}

@techreport{aadlerrormodel,
  author      = {Peter Feiler and Ana-Elena Rugina},
  title       = {{Dependability Modeling with the Architecture Analysis \& Design Language}},
  institution = {{CMU/SEI}},
  year        = 2007,
  note        = {Available at \url{http://www.sei.cmu.edu/pub/documents/07.reports/07tn043.pdf}}}

@book{burns-rtspl,
  AUTHOR = "Alan Burns and Andy Wellings",
  TITLE = {{Real-Time Systems and Programming Languages}},
  PUBLISHER = "Addison-Wesley",
  EDITION = 3,
  YEAR = 2001
}

@article{sha@rts04,
 author = {Lui Sha and Tarek Abdelzaher and Karl-Erik \AA rz\'en and Anton Cervin and Theodore Baker and Alan Burns and Giorgio Buttazzo and Marco Caccamo and John Lehoczky and Aloysius K. Mok},
 title = {Real Time Scheduling Theory: A Historical Perspective},
 journal = {Real-Time Syst.},
 volume = {28},
 number = {2-3},
 year = {2004},
 issn = {0922-6443},
 pages = {101--155},
 doi = {http://dx.doi.org/10.1023/B:TIME.0000045315.61234.1e},
 publisher = {Kluwer Academic Publishers},
 address = {Norwell, MA, USA},
 }

@article{manacher@jacm67,
 author = {G. K. Manacher},
 title = {{Production and Stabilization of Real-Time Task Schedules}},
 journal = {J. ACM},
 volume = {14},
 number = {3},
 year = {1967},
 issn = {0004-5411},
 pages = {439--465},
 doi = {http://doi.acm.org/10.1145/321406.321408},
 publisher = {ACM},
 address = {New York, NY, USA},
}

@manual{AS5506,
  author = {SAE},
  title = {{Architecture Analysis \& Design Language (AS5506)}},
  note =  {available at \url{http://www.sae.org}},
  month = {September},
  year = {2004},
}

@inproceedings{filali@iceccs07,
 author = {Ricardo Bedin Franca and Jean-Paul Bodeveix and Mamoun Filali and Jean-Francois Rolland and David Chemouil and Dave Thomas},
 title = {{The AADL behaviour annex -- experiments and roadmap}},
 booktitle = {ICECCS '07: Proceedings of the 12th IEEE International Conference on Engineering Complex Computer Systems (ICECCS 2007)},
 year = {2007},
 isbn = {0-7695-2895-3},
 pages = {377--382},
 doi = {http://dx.doi.org/10.1109/ICECCS.2007.41},
 publisher = {IEEE Computer Society},
 address = {Washington, DC, USA},
 }

@book{szyperski-cs,
 author = {Clemens Szyperski},
 title = {{Component Software: Beyond Object-Oriented Programming}},
 year = {2002},
 isbn = {0201745720},
 publisher = {Addison-Wesley Longman Publishing Co., Inc.},
 address = {Boston, MA, USA},
 }

@article{szyperski@sct04,
  author = {Mafred Broy, Clemens Szyperski \emph{et. al.}},
  title = {What characterizes a (software) component},
  publisher = {Springer Berlin/Heidelberg},
  doi = {10.1007/s003780050007},
  pages = {49---56},
  journal = {Software - Concepts and Tools},
  year = 2004,
  volume = 19
}

@inproceedings{meyer@icse03,
 author = {Bertrand Meyer},
 title = {The grand challenge of Trusted Components},
 booktitle = {ICSE '03: Proceedings of the 25th International Conference on Software Engineering},
 year = {2003},
 isbn = {0-7695-1877-X},
 pages = {660--667},
 location = {Portland, Oregon},
 publisher = {IEEE Computer Society},
 address = {Washington, DC, USA},
 }

@book{heineman-components,
  author = {G Heineman and W Coucill \emph{et. al.}},
  title = {{Component Based Software Engineering: Putting the Pieces Together}},
  publisher = {Addison-Wesley},
  year = 2001
}

@manual{mof-std,
  author = {OMG},
  title = {{Meta Object Facility (MOF) Core Specification}},
  note =  {available at \url{http://www.omg.org/spec/MOF/2.0/PDF/}},
  month = {January},
  year = {2006},
  edition = {2.0}
}

@manual{uml-super,
  title =        {{Unified Modeling Language: Superstructure}},
  author=        {{Object Management Group}},
  organization = {{OMG}},
  edition =      {2.1.2},
  month =        {February},
  year =         {2007},
  note =         {available at \url{http://www.omg.org/docs/formal/07-11-02.pdf}}
}

@manual{uml-infra,
  title =        {{Unified Modeling Language: Infrastructure}},
  author=        {{Object Management Group}},
  organization = {{OMG}},
  edition =      {2.1.2},
  month =        {April},
  year =         {2007},
  note =         {available at \url{http://www.omg.org/docs/formal/07-11-04.pdf}}
}

@manual{ocl,
  title = {{UML 2.0 OCL Specification}},
  author=        {{Object Management Group}},
  organization = {{OMG}},
  edition =      {2.0},
  month =        {Oct.},
  year =         {2003},
  note =         {available at \url{http://www.omg.org/docs/ptc/03-10-14.pdf}}
}

@manual{sysml,
  title = {{OMG Systems Modeling Language}},
  author = {{Object Management Group}},
  organization = {{OMG}},
  month = "Sept.",
  year = "2007",
  edition = {1.0},
  note = {available at \url{http://www.omg.org/docs/formal/07-09-01.pdf}}
}

@book{budinsky-emf,
  author = {Frank Budinsky and David Steinberg and Ed Merks and Raymond Ellersick and Timothy Grose},
  title = {{Eclipse Modeling Framework}},
  publisher = {Addison-Wesley},
  year = "2004"
}

@misc{sei-osate,
  AUTHOR = {{SEI}},
  TITLE = {{Open Source AADL Tool Environment}},
  YEAR = 2006,
  HOWPUBLISHED = {\url{http://la.sei.cmu.edu/aadl/currentsite/tool/osate.html}}
}

@misc{alanen-mof-bnf,
  author = {Marcus Alanen and Ivan Porres},
  title = {{A Relation Between Context-Free Grammars and Meta Object Facility Metamodels}},
  howpublished = {\url{citeseer.ist.psu.edu/657792.html}}
}

@article{ana@corr07,
  author    = {Ana-Elena Rugina and
               Karama Kanoun and
               Mohamed Ka{\^a}niche},
  title     = {An architecture-based dependability modeling framework using
               AADL},
  journal   = {CoRR},
  volume    = {abs/0704.0865},
  year      = {2007},
  ee        = {http://arxiv.org/abs/0704.0865},
  bibsource = {DBLP, http://dblp.uni-trier.de}
}

@inproceedings{audsley@rtoss91,
    author = "N. C. Audsley and A. Burns and M. F. Richardson and A. J. Wellings",
    title = "{H}ard {R}eal-{T}ime {S}cheduling: {T}he {D}eadline {M}onotonic {A}pproach",
    booktitle = "Proceedings 8th {IEEE} Workshop on Real-Time Operating Systems and Software",
    address = "Atalanta",
    year = "1991",
    url = "citeseer.ist.psu.edu/audsley91hard.html"
}

@article{locke@rts92,
 author = {C. Douglass Locke},
 title = {{Software architecture for hard real-time applications: cyclic executives vs. fixed priority executives}},
 journal = {Real-Time Syst.},
 volume = {4},
 number = {1},
 year = {1992},
 issn = {0922-6443},
 pages = {37--53},
 doi = {http://dx.doi.org/10.1007/BF00365463},
 publisher = {Kluwer Academic Publishers},
 address = {Norwell, MA, USA},
 }

@misc{simulink,
  author = {{The Mathworks}},
  title = {{\simu---Simulation and Model-Based Design}},
  url = {http://www.mathworks.com/products/simulink/},
  howpublished = {\url{http://www.mathworks.com/products/simulink/}}
}

@misc{rtw,
  author = {{The Mathworks}},
  title = {{Real-Time Workshop\circledR}},
  url = {http://www.mathworks.com/products/rtw/},
  howpublished = {\url{http://www.mathworks.com/products/rtw/}}
}

@book{bishop-ctrl,
  title = {{Modern Control Systems Analysis and Design Using MATLAB and SIMULINK}},
  author = {Robert H. Bishop},
  publisher = {Addison-Wesley},
  isbn = {0-201-49846-4},
  year = 1997
}

@inproceedings{garavel@cav07,
author =        {Hubert Garavel and Fr\'ed\'eric Lang and Radu Mateescu
                and Wendelin Serwe},
title =         {{CADP 2006: A Toolbox for the Construction and Analysis
                of Distributed Processes}},
booktitle =     {Proceedings of the 19th International Conference on
                Computer Aided Verification {CAV}'2007 (Berlin, Germany)},
year =          {2007},
publisher =     sv,
series =        LNCS,
volume =        {4590},
pages =         {158--163},
month =         {jul},
}

@article{bolognesi@cnis87,
 author = {Tommaso Bolognesi and Ed Brinksma},
 title = {{Introduction to the ISO Specification Language LOTOS}},
 journal = {Comput. Netw. ISDN Syst.},
 volume = {14},
 number = {1},
 year = {1987},
 issn = {0169-7552},
 pages = {25--59},
 doi = {http://dx.doi.org/10.1016/0169-7552(87)90085-7},
 publisher = {Elsevier Science Publishers B. V.},
 address = {Amsterdam, The Netherlands, The Netherlands},
 }

@article{logrippo@cnis92,
 author = {L. Logrippo and M. Faci and M. Haj-Hussein},
 title = {{An Introduction to LOTOS: Learning by Examples}},
 journal = {Comput. Netw. ISDN Syst.},
 volume = {23},
 number = {5},
 year = {1992},
 issn = {0169-7552},
 pages = {325--342},
 doi = {http://dx.doi.org/10.1016/0169-7552(92)90011-E},
 publisher = {Elsevier Science Publishers B. V.},
 address = {Amsterdam, The Netherlands, The Netherlands},
 }

@manual{do178b,
  TITLE = {{DO-178B, Software Considerations in Airborne Systems and Equipment
Certification}},
  AUTHOR = "RTCA and EUROCAE",
  YEAR = "1992",
  ORGANIZATION = "RTCS and EUROCAE"
}

@techreport{plotkin-sos,
    author = "G. D. Plotkin",
    title = "{A Structural Approach to Operational Semantics}",
    number = "DAIMI FN-19",
    address = "University of Aarhus",
    year = "1981",
    url = "citeseer.ist.psu.edu/plotkin81structural.html"
}

@inproceedings{locke@rtss91,
  title = {{Building a Predictable Avionics Platform In Ada: A Case Study}},
  author = {C. Douglas Locke and David R. Vogel and T. J. Mesler},
  booktitle = {IEEE Real-Time Systems Symposium},
  pages = {181-189},
  url = {http://dblp.uni-trier.de/db/conf/rtss/rtss1991.html#LockeVM91},
  year = {1991},
  description = {dblp},
  date = {2002-01-03},
  keywords = {dblp}
}

@inproceedings{locke@irtaw90,
   author = {C. D. Locke and D. R. Vogel and T. J. Mesler},
   title = {{Predictable Real-time Avionics Design Using Ada tasks and Rendezvous: A Case Study}},
   booktitle = {IRTAW '90: Proceedings of the fourth international workshop on Real-time Ada issues},
   year = {1990},
   isbn = {0-89791-375-2},
   pages = {118--125},
   location = {Pitlochry, Perthshir, Scotland},
   doi = {http://doi.acm.org/10.1145/102454.102482},
   publisher = {ACM Press},
   address = {New York, NY, USA},
 }

@techreport{locke@sei90,
   author = {C. D. Locke and D. R. Vogel and J. B. Goodenough},
   title = {{Generic Avionics Software Specification}}, 
   type = {Technical Report},
   number = {CMU/SEI-90-TR-8},
   year = {1990},
   Institution = {Software Engineering Institute, Carnegie Mellon University},
   address = {Pittsburgh, Pennsylvania, USA},
 }

@book{jacobson-oose,
   title = {{Object-Oriented Software Engineering: A Use Case Driven Approach}},
   author = {Ivar Jacobson and Magnus Christenson and Patrik Jonsson and Gunnar \"Overgard},
   publisher = "Addison-Wesley Publishing Co.",
   isbn = "0-201-54435-0",
   year = "1992"
}

@book{white-booch,
 author = {Iseult White},
 title = {{Using the Booch Method: A Rational Approach}},
 year = {1994},
 isbn = {0805306145},
 publisher = {Benjamin-Cummings Publishing Co., Inc.},
 address = {Redwood City, CA, USA},
 }

@inproceedings{bruegge@oopsla92,
 author = {Bernd Bruegge and Jim Blythe and Jeffrey Jackson and Jeff Shufelt},
 title = {{Object-oriented System Modeling with OMT}},
 booktitle = {OOPSLA '92: conference proceedings on Object-oriented programming systems, languages, and applications},
 year = {1992},
 isbn = {0-201-53372-3},
 pages = {359--376},
 location = {Vancouver, British Columbia, Canada},
 doi = {http://doi.acm.org/10.1145/141936.141966},
 publisher = {ACM},
 address = {New York, NY, USA},
 }

@inproceedings{lynch@concur01,
 author = {Paul C. Attie and Nancy A. Lynch},
 title = {{Dynamic Input/Output Automata: A Formal Model for Dynamic Systems}},
 booktitle = {CONCUR '01: Proceedings of the 12th International Conference on Concurrency Theory},
 year = {2001},
 isbn = {3-540-42497-0},
 pages = {137--151},
 publisher = {Springer-Verlag},
 address = {London, UK},
 }

@article{jones@jpam90,
 author = {D. W. Jones},
 title = {A practical cruise control},
 journal = {J. Pascal Ada Modula-2},
 volume = {9},
 number = {1},
 year = {1990},
 issn = {0747-1351},
 pages = {40--44},
 publisher = {SIGS Publications, Inc.},
 address = {New York, NY, USA},
 }

@article{langer@rtsep92,
 author = {D. Langer and J. Rauch and M. R\"o\ss{}ler},
 title = {Fly-by-wire systems for military high performance aircraft},
 book = {Real-time systems engineering and applications},
 year = {1992},
 isbn = {0-7923-9196-9},
 pages = {369--395},
 publisher = {Kluwer Academic Publishers},
 address = {Norwell, MA, USA},
 }

@inproceedings{gasperoni@ae02,
 author = {Paul Parkinson and Franco Gasperoni},
 title = {{High-Integrity Systems Development for Integrated Modular Avionics Using VxWorks and GNAT}},
 booktitle = {{Ada-Europe '02: Proceedings of the 7th Ada-Europe International Conference on Reliable Software Technologies}},
 year = {2002},
 isbn = {3-540-43784-3},
 pages = {163--178},
 publisher = {Springer-Verlag},
 address = {London, UK},
 }

@misc{do178b-cost,
  author = {William Wong},
  title = {{DO-178B: Fail-Safe Aviation}},
  month = "Dec.",
  Year = "2003",
  howpublished = {Available at \url{http://electronicdesign.com/Articles/Print.cfm?ArticleID=6847}}
}

@article{beccari@em99,
  title={Rate modulation of soft real-time tasks in autonomous robot control systems},
  author={Beccari, G. and Caselli, S. and Reggiani, M. and Zanichelli, F.},
  journal={Real-Time Systems, 1999. Proceedings of the 11th Euromicro Conference on},
  year={1999},
  volume={},
  number={},
  pages={21-28},
  doi={10.1109/EMRTS.1999.777446},
  ISSN={},
}

@article{brandt@rtss03,
title={Dynamic integrated scheduling of hard real-time, soft real-time, and non-real-time processes},
author={Brandt, S.A. and Banachowski, S. and Caixue Lin and Bisson, T.},
journal={Real-Time Systems Symposium, 2003. RTSS 2003. 24th IEEE},
year={3-5 Dec. 2003},
volume={},
number={},
pages={ 396-407},
doi={},
ISSN={ }, }

@article{jensen@ccej97,
  title={Eliminating the `hard'/`soft' real-time dichotomy},
  author={Jensen, E.D.},
  journal={Computing \& Control Engineering Journal},
  year={Feb 1997},
  volume={8},
  number={1},
  pages={15-19},
  doi={},
  ISSN={0956-3385},
}

@article{audsley@rts95,
 author = {Neil C. Audsley and Alan Burns and Robert I. Davis and Ken W. Tindell and Andy J. Wellings},
 title = {{Fixed Priority Pre-emptive Scheduling: An Historical Perspective}},
 journal = {Real-Time Syst.},
 volume = {8},
 number = {2-3},
 year = {1995},
 issn = {0922-6443},
 pages = {173--198},
 doi = {http://dx.doi.org/10.1007/BF01094342},
 publisher = {Kluwer Academic Publishers},
 address = {Norwell, MA, USA},
 }

@article{laplante@rts95,
 author = {Phillip A. Laplante and Eileen P. Rose and Maria Gracia-Watson},
 title = {{An Historical Survey of Early Real-time Computing Developments in the U.S.}},
 journal = {Real-Time Syst.},
 volume = {8},
 number = {2-3},
 year = {1995},
 issn = {0922-6443},
 pages = {199--213},
 doi = {http://dx.doi.org/10.1007/BF01094343},
 publisher = {Kluwer Academic Publishers},
 address = {Norwell, MA, USA},
 }

@article{halbwachs@ieee91,
    author = "N. Halbwachs and P. Caspi and P. Raymond and D. Pilaud",
    title = "The synchronous data-flow programming language {LUSTRE}",
    journal = "Proceedings of the IEEE",
    volume = "79",
    number = "9",
    month = "September",
    pages = "1305--1320",
    year = "1991",
    url = "citeseer.ist.psu.edu/halbwachs91synchronous.html" 
}

@inproceedings{halbwachs@popl87,
 author = {P. Caspi and D. Pilaud and N. Halbwachs and J. A. Plaice},
 title = {LUSTRE: a declarative language for real-time programming},
 booktitle = {POPL '87: Proceedings of the 14th ACM SIGACT-SIGPLAN symposium on Principles of programming languages},
 year = {1987},
 isbn = {0-89791-215-2},
 pages = {178--188},
 location = {Munich, West Germany},
 doi = {http://doi.acm.org/10.1145/41625.41641},
 publisher = {ACM},
 address = {New York, NY, USA},
 }

@article{caspi@sigplan03,
 author = {Paul Caspi and Adrian Curic and Aude Maignan and Christos Sofronis and Stavros Tripakis and Peter Niebert},
 title = {{From Simulink to SCADE/Lustre to TTA: A Layered Approach for Distributed Embedded Applications}},
 journal = {SIGPLAN Not.},
 volume = {38},
 number = {7},
 year = {2003},
 issn = {0362-1340},
 pages = {153--162},
 doi = {http://doi.acm.org/10.1145/780731.780754},
 publisher = {ACM},
 address = {New York, NY, USA},
 }

@ARTICLE{halbwachs@ieee03,
title={{The Synchronous Languages 12 Years Later}},
author={Benveniste, A. and Caspi, P. and Edwards, S.A. and Halbwachs, N. and Le Guernic, P. and de Simone, R.},
journal={Proceedings of the IEEE},
year={Jan 2003},
volume={91},
number={1},
pages={ 64-83},
doi={10.1109/JPROC.2002.805826},
ISSN={0018-9219},
}

@inproceedings{clements@iwssd96,
 author = {Paul C. Clements},
 title = {A Survey of Architecture Description Languages},
 booktitle = {IWSSD '96: Proceedings of the 8th International Workshop on Software Specification and Design},
 year = {1996},
 isbn = {0-8186-7361-3},
 pages = {16},
 publisher = {IEEE Computer Society},
 address = {Washington, DC, USA},
 }

@article{burns@rts94,
 author = {A. Burns and A. J. Wellings},
 title = {{HRT-HOOD: A Structured Design Method for Hard Real-time Systems}},
 journal = {Real-Time Syst.},
 volume = {6},
 number = {1},
 year = {1994},
 issn = {0922-6443},
 pages = {73--114},
 doi = {http://dx.doi.org/10.1007/BF01245300},
 publisher = {Kluwer Academic Publishers},
 address = {Norwell, MA, USA},
 }

@manual{metah-manual,
  title = {{MetaH User's Manual}},
  author = {Steve Vestal},
  organization = "Honeywell Technology Center",
  year = "1998",
}

@inproceedings{puente@ae00,
  author    = {Juan Antonio de la Puente and
               Jos{\'e} F. Ruiz and
               Juan Zamorano},
  title     = {{An Open Ravenscar Real-Time Kernel for GNAT}},
  booktitle = {Ada-Europe},
  year      = {2000},
  pages     = {5-15},
  bibsource = {DBLP, http://dblp.uni-trier.de}
}

@inproceedings{france@fose07,
 author = {Robert France and Bernhard Rumpe},
 title = {Model-driven Development of Complex Software: A Research Roadmap},
 booktitle = {FOSE '07: 2007 Future of Software Engineering},
 year = {2007},
 isbn = {0-7695-2829-5},
 pages = {37--54},
 doi = {http://dx.doi.org/10.1109/FOSE.2007.14},
 publisher = {IEEE Computer Society},
 address = {Washington, DC, USA},
 }

@book{jackson-jsd,
 author = {M. A. Jackson},
 title = {Principles of Program Design},
 year = {1975},
 isbn = {0123790506},
 publisher = {Academic Press, Inc.},
 address = {Orlando, FL, USA},
 }

@inproceedings{abrial@vdm91,
 author = {Jean-Raymond Abrial and Matthew K. O. Lee and Dave Neilson and P. N. Scharbach and Ib Sorensen},
 title = {{The B-Method}},
 booktitle = {VDM '91: Proceedings of the 4th International Symposium of VDM Europe on Formal Software Development-Volume 2},
 year = {1991},
 isbn = {3-540-54868-8},
 pages = {398--405},
 publisher = {Springer-Verlag},
 address = {London, UK},
 }

@article{sorensen-B,
 author = {Ib Sorensen and David Neilson},
 title = {{B: Towards Zero Defect Software}},
 book = {High integrity software},
 year = {2001},
 isbn = {0-7923-7949-7},
 pages = {23--42},
 publisher = {Kluwer Academic Publishers},
 address = {Norwell, MA, USA},
 }

@inproceedings{owre@cav96,
 author = {Sam Owre and S. Rajan and John M. Rushby and Natarajan Shankar and Mandayam K. Srivas},
 title = {{PVS: Combining Specification, Proof Checking, and Model Checking}},
 booktitle = {CAV '96: Proceedings of the 8th International Conference on Computer Aided Verification},
 year = {1996},
 isbn = {3-540-61474-5},
 pages = {411--414},
 publisher = {Springer-Verlag},
 address = {London, UK},
 }

@techreport{mda-guide,
  title = {{MDA Guide}},
  author = "Bran Selic et. al.",
  year = "2003",
  organization = {{Object Management Group}},
  note = {Available at \url{http://www.omg.org/docs/omg/03-06-01.pdf}}
}

@inproceedings{halbwachs@memocode05,
 author = {N. Halbwachs},
 title = {{A synchronous language at work: the story of Lustre}},
 booktitle = {{MEMOCODE '05: Proceedings of the 2nd ACM/IEEE International Conference on Formal Methods and Models for Co-Design}},
 year = {2005},
 isbn = {0-7803-9227-2},
 pages = {3--11},
 doi = {http://dx.doi.org/10.1109/MEMCOD.2005.1487884},
 publisher = {IEEE Computer Society},
 address = {Washington, DC, USA},
 }

@book{dabney-simulink,
  author = {James B. Dabney and Thomas L. Harman},
  title = {Mastering SIMULINK 4},
  year = {2001},
  isbn = {0130170852},
  publisher = {Prentice Hall PTR},
  address = {Upper Saddle River, NJ, USA},
}

@inproceedings{caspi@emsoft04,
 author = {N. Scaife and C. Sofronis and P. Caspi and S. Tripakis and F. Maraninchi},
 title = {{Defining and Translating a "Safe" Subset of Simulink/Stateflow into Lustre}},
 booktitle = {EMSOFT '04: Proceedings of the 4th ACM international conference on Embedded software},
 year = {2004},
 isbn = {1-58113-860-1},
 pages = {259--268},
 location = {Pisa, Italy},
 doi = {http://doi.acm.org/10.1145/1017753.1017795},
 publisher = {ACM},
 address = {New York, NY, USA},
 }

@inproceedings{arthan@icfem00,
 author = {R. Arthan and P. Caseley and C. O'Halloran and A. Smith},
 title = {{ClawZ: Control Laws in Z}},
 booktitle = {ICFEM '00: Proceedings of the 3rd IEEE International Conference on Formal Engineering Methods},
 year = {2000},
 isbn = {0-7695-0822-7},
 pages = {169},
 publisher = {IEEE Computer Society},
 address = {Washington, DC, USA},
 }

@inproceedings{jansamak@acsc04,
 author = {S. Jansamak and A. Surarerks},
 title = {{Formalization of UML Statechart Models Using Concurrent Regular Expressions}},
 booktitle = {ACSC '04: Proceedings of the 27th Australasian conference on Computer science},
 year = {2004},
 pages = {83--88},
 location = {Dunedin, New Zealand},
 publisher = {Australian Computer Society, Inc.},
 address = {Darlinghurst, Australia, Australia},
 }

@article{allen@sigplan95,
 author = {Arthur Allen and Dennis de Champeaux},
 title = {{Extending the Statechart Formalism: Event Scheduling \& Disposition}},
 journal = {SIGPLAN Not.},
 volume = {30},
 number = {10},
 year = {1995},
 issn = {0362-1340},
 pages = {1--16},
 doi = {http://doi.acm.org/10.1145/217839.217840},
 publisher = {ACM},
 address = {New York, NY, USA},
 }

@inproceedings{vielcanet@wadas89,
 author = {P. Vielcanet},
 title = {{HOOD Design Method and Control/Command Techniques for the Develpment of Realtime Software}},
 booktitle = {WADAS '89: Proceedings of the sixth Washington Ada symposium on Ada},
 year = {1989},
 pages = {213--219},
 location = {McLean, Virginia, United States},
 doi = {http://doi.acm.org/10.1145/326490.326540},
 publisher = {ACM},
 address = {New York, NY, USA},
 }

@inproceedings{mazzini@ae03,
  author    = {Silvia Mazzini and
               Massimo D'Alessandro and
               Marco Di Natale and
               Andrea Domenici and
               Giuseppe Lipari and
               Tullio Vardanega},
  title     = {{HRT-UML: Taking HRT-HOOD onto UML}},
  booktitle = {Ada-Europe},
  year      = {2003},
  pages     = {405-416},
  ee        = {http://springerlink.metapress.com/openurl.asp?genre=article{\&}issn=0302-9743{\&}volume=2655{\&}spage=405},
  bibsource = {DBLP, http://dblp.uni-trier.de}
}

@inproceedings{vardanega@ecrts05,
 author = {Matteo Bordin and Tullio Vardanega},
 title = {{Automated Model-Based Generation of Ravenscar-Compliant Source Code}},
 booktitle = {ECRTS '05: Proceedings of the 17th Euromicro Conference on Real-Time Systems},
 year = {2005},
 isbn = {0-7695-2400-1},
 pages = {59--67},
 doi = {http://dx.doi.org/10.1109/ECRTS.2005.9},
 publisher = {IEEE Computer Society},
 address = {Washington, DC, USA},
 }

@TechReport{silvia-hrt-uml-cs,
  author = 	 {Massimo D'Alessandro and Silvia Mazzini and Francesco Donati},
  title = 	 {{A Case Study for HRT-UML}},
  institution =  {{Intecs HRT}},
  year = 	 {2006},
  note = 	 {Available at \url{ftp://ftp.estec.esa.nl/pub/wm/wme/Web/ACaseStudyForHRTUML2003.pdf}},
}

@misc{aonix-raven,
 title = {{Real-Time RAVEN}},
 publisher=Aonix,
 author={Aonix},
 howpublished={\url{http://www.aonix.com/pdf/RAVEN-aon.pdf}},
 year=2006
}

@misc{gnu-gnat,
 title = {{GNAT---GNU Ada Compiler}},
 publisher = {{AdaCore Technologies}},
 author = {{GNU Project}},
 howpublished = {\url{http://www.gnu.org/software/gnat/gnat.html}},
 year = 2008
}

@inproceedings{zalila@ae07,
	Address = {Geneva, Switzerland},
	Annote = {category=inproceedings state=toappear project=safir group=s3
},
	Author = {B. Zalila and I. Hamid and J. Hugues and L. Pautet},
	Booktitle = {{AdaEurope'07}},
	Date-Added = {2007-01-22 17:23:12 +0100},
	Date-Modified = {2007-01-22 17:23:21 +0100},
	Editor = {Springer Verlag},
	Month = {Jun},
	Pages = {155-167},
	Title = {{Generating Distributed High Integrity Applications from their Architectural Description}},
	Volume = {LNCS 4498},
	Year = {2007}
}

@misc{favre-mde,
  author = "Jean-Marie Favre",
  title = "Towards a Basic Theory to Model Model Driven Engineering",
  url = "citeseer.ist.psu.edu/article/favre04towards.html" 
}

@inproceedings{sondergaard@jtres06,
 author = {Hans S\ ondergaard and Bent Thomsen and Anders P. Ravn},
 title = {{A Ravenscar-Java Profile Implementation}},
 booktitle = {JTRES '06: Proceedings of the 4th international workshop on Java technologies for real-time and embedded systems},
 year = {2006},
 isbn = {1-59593-544-4},
 pages = {38--47},
 location = {Paris, France},
 doi = {http://doi.acm.org/10.1145/1167999.1168008},
 publisher = {ACM},
 address = {New York, NY, USA},
 }

@inproceedings{kwon@jgi02,
 author = {Jagun Kwon and Andy Wellings and Steve King},
 title = {{Ravenscar-Java: A High Integrity Profile for Real-time Java}},
 booktitle = {JGI '02: Proceedings of the 2002 joint ACM-ISCOPE conference on Java Grande},
 year = {2002},
 isbn = {1-58113-599-8},
 pages = {131--140},
 location = {Seattle, Washington, USA},
 doi = {http://doi.acm.org/10.1145/583810.583825},
 publisher = {ACM},
 address = {New York, NY, USA},
 }

@inproceedings{schulz@issta00,
 author = {Daniel Schulz and Frank Mueller},
 title = {{A Thread-aware Debugger with an Open Interface}},
 booktitle = {ISSTA '00: Proceedings of the 2000 ACM SIGSOFT international symposium on Software testing and analysis},
 year = {2000},
 isbn = {1-58113-266-2},
 pages = {201--211},
 location = {Portland, Oregon, United States},
 doi = {http://doi.acm.org/10.1145/347324.349141},
 publisher = {ACM},
 address = {New York, NY, USA},
 }

@Manual{upm-ork-manual,
  title = 	 {{Open Ravenscar Kernel---Operation Manual}},
  author = 	 {Juan A. de la Puente and Jos\'e F. Ruiz and Juan Zamorano and Jes\'us Gonz\'alez-Barahona and Ram\'on Fern\'ande-Marina and Miguel \'Anguel Ajo},
  organization = {UPM},
  month = 	 {November},
  year = 	 {2001},
  note = 	 {Available at \url{http://polaris.dit.upm.es/~ork/documents/opm2-2b.pdf}},
}

@article{davis@rts07,
 author = {Robert I. Davis and Alan Burns and Reinder J. Bril and Johan J. Lukkien},
 title = {{Controller Area Network (CAN) Schedulability Analysis: Refuted, Revisited and Revised}},
 journal = {Real-Time Syst.},
 volume = {35},
 number = {3},
 year = {2007},
 issn = {0922-6443},
 pages = {239--272},
 doi = {http://dx.doi.org/10.1007/s11241-007-9012-7},
 publisher = {Kluwer Academic Publishers},
 address = {Norwell, MA, USA},
 }

@book{goguen-algebraic,
 author = {Joseph A. Goguen and Grant Malcolm},
 title = {{Algebraic Semantics of Imperative Programs}},
 year = {1996},
 isbn = {026207172X},
 publisher = {MIT Press},
 address = {Cambridge, MA, USA},
 }

@article{tennent@cacm76,
 author = {R. D. Tennent},
 title = {{The Denotational Semantics of Programming Languages}},
 journal = {Commun. ACM},
 volume = {19},
 number = {8},
 year = {1976},
 issn = {0001-0782},
 pages = {437--453},
 doi = {http://doi.acm.org/10.1145/360303.360308},
 publisher = {ACM},
 address = {New York, NY, USA},
 }

@article{floyd@macs67,
 author = {Robert W. Floyd},
 title = {{Assigning Meanings to Programs}},
 booktitle = {Proceedings of Symposia on Applied Mathematics},
 year = 1967,
 pages = {19---32},
 publisher = {{American Mathematical Society}}
}

@article{hoare@cacm69,
 author = {C. A. R. Hoare},
 title = {{An Axiomatic Basis for Computer Programming}},
 journal = {Commun. ACM},
 volume = {12},
 number = {10},
 year = {1969},
 issn = {0001-0782},
 pages = {576--580},
 doi = {http://doi.acm.org/10.1145/363235.363259},
 publisher = {ACM},
 address = {New York, NY, USA},
 }

@inproceedings{henzinger@slcs96,
 author = {T. A. Henzinger},
 title = {{The Theory of Hybrid Automata}},
 booktitle = {LICS '96: Proceedings of the 11th Annual IEEE Symposium on Logic in Computer Science},
 year = {1996},
 isbn = {0-8186-7463-6},
 pages = {278},
 publisher = {IEEE Computer Society},
 address = {Washington, DC, USA},
 }

@inproceedings{halbwachs@emsoft07,
 author = {Erwan Jahier and Nicolas Halbwachs and Pascal Raymond and Xavier Nicollin and David Lesens},
 title = {{Virtual Execution of AADL Models via a Translation into Synchronous Programs}},
 booktitle = {EMSOFT '07: Proceedings of the 7th ACM \& IEEE international conference on Embedded software},
 year = {2007},
 isbn = {978-1-59593-825-1},
 pages = {134--143},
 location = {Salzburg, Austria},
 doi = {http://doi.acm.org/10.1145/1289927.1289951},
 publisher = {ACM},
 address = {New York, NY, USA},
 }

@inproceedings{fowler@rtss97,
 author = {S. Fowler and A. Wellings},
 title = {{Formal Development of a Real-time Kernel}},
 booktitle = {RTSS '97: Proceedings of the 18th IEEE Real-Time Systems Symposium (RTSS '97)},
 year = {1997},
 isbn = {0-8186-8268-X},
 pages = {220},
 publisher = {IEEE Computer Society},
 address = {Washington, DC, USA},
 }

@inproceedings{lundqvist@rtcsa99,
 author = {Kristina Lundqvist and Lars Asplund},
 title = {{A Formal Model of a Run-Time Kernel for Ravenscar}},
 booktitle = {RTCSA '99: Proceedings of the Sixth International Conference on Real-Time Computing Systems and Applications},
 year = {1999},
 isbn = {0-7695-0306-3},
 pages = {504},
 publisher = {IEEE Computer Society},
 address = {Washington, DC, USA},
 }

@article{vardanega@rts05,
 author = {Tullio Vardanega and Juan Zamorano and Juan Antonio De La Puente},
 title = {On the dynamic semantics and the timing behavior of Ravenscar kernels},
 journal = {Real-Time Syst.},
 volume = {29},
 number = {1},
 year = {2005},
 issn = {0922-6443},
 pages = {59--89},
 doi = {http://dx.doi.org/10.1023/B:TIME.0000048937.17571.2b},
 publisher = {Kluwer Academic Publishers},
 address = {Norwell, MA, USA},
 }

@inproceedings{fidge@amast00,
 author = {Colin J. Fidge},
 title = {{The Algebra of Multi-tasking}},
 booktitle = {{AMAST '00: Proceedings of the 8th International Conference on Algebraic Methodology and Software Technology}},
 year = {2000},
 isbn = {3-540-67530-2},
 pages = {213--227},
 publisher = {Springer-Verlag},
 address = {London, UK},
 }

@book{milner-cc,
 author = {R. Milner},
 title = {Communication and concurrency},
 year = {1989},
 isbn = {0-13-115007-3},
 publisher = {Prentice-Hall, Inc.},
 address = {Upper Saddle River, NJ, USA},
 }

@article{hoare@cacm78,
 author = {C. A. R. Hoare},
 title = {{Communicating Sequential Processes}},
 journal = {Commun. ACM},
 volume = {21},
 number = {8},
 year = {1978},
 issn = {0001-0782},
 pages = {666--677},
 doi = {http://doi.acm.org/10.1145/359576.359585},
 publisher = {ACM Press},
 address = {New York, NY, USA},
 }

@inproceedings{owre@cade11,
 author = {Sam Owre and John M. Rushby and Natarajan Shankar},
 title = {{PVS: A Prototype Verification System}},
 booktitle = {CADE-11: Proceedings of the 11th International Conference on Automated Deduction},
 year = {1992},
 isbn = {3-540-55602-8},
 pages = {748--752},
 publisher = {Springer-Verlag},
 address = {London, UK},
 }
@article{larsen@jsttt97,
    author = "Kim Guldstrand Larsen and Paul Pettersson and Wang Yi",
    title = "{UPPAAL} in a Nutshell",
    journal = "International Journal on Software Tools for Technology Transfer",
    volume = "1",
    number = "1-2",
    pages = "134-152",
    year = "1997",
    url = "citeseer.ist.psu.edu/larsen97uppaal.html" 
}

@inproceedings{cardelli@mfps90,
 author = {Luca Cardelli and John C. Mitchell},
 title = {Operations on {R}ecords},
 booktitle = {Proceedings of the fifth international conference on {M}athematical {F}oundations of {P}rogramming {S}emantics},
 year = {1990},
 isbn = {0-387-97375-3},
 pages = {22--52},
 location = {New Orleans, Louisiana, United States},
 publisher = {Springer-Verlag New York, Inc.},
 address = {New York, NY, USA},
 }

@INPROCEEDINGS{butler@spie93,
   author = {{Butler}, P.~L. and {Jones}, J.~P.},
    title = {{Modular Control Architecture for Real-time Synchronous and Asynchronous Systems}},
booktitle = {{Proc. SPIE Vol. 1964, p. 287-298, Applications of Artificial Intelligence 1993: Machine Vision and Robotics, Kim L. Boyer; Louise Stark; Eds.}},
     year = 1993,
   editor = {{Boyer}, K.~L. and {Stark}, L.},
    month = mar,
    pages = {287-298},
   adsurl = {http://adsabs.harvard.edu/cgi-bin/nph-bib_query?bibcode=1993SPIE.1964..287B&db_key=PHY},
  adsnote = {Provided by the Smithsonian/NASA Astrophysics Data System}
}

@inproceedings{tripakis@emsoft05,
 author = {S. Tripakis and C. Sofronis and N. Scaife and P. Caspi},
 title = {{Semantics-preserving and Memory-efficient Implementation of Inter-task Communication on Static-priority or EDF Schedulers}},
 booktitle = {EMSOFT '05: Proceedings of the 5th ACM international conference on Embedded software},
 year = {2005},
 isbn = {1-59593-091-4},
 pages = {353--360},
 location = {Jersey City, NJ, USA},
 doi = {http://doi.acm.org/10.1145/1086228.1086292},
 publisher = {ACM},
 address = {New York, NY, USA},
 }

@inproceedings{mehta@icse00,
	author = {Nikunj R. Mehta and Nenad Medvidovic and Sandeep Phadke},
	title = {{Towards a Taxonomy of Software Connectors}},
	booktitle = {{ICSE '00: Proceedings of the 22nd International Conference on Software Engineering}},
	year = {2000},
	isbn = {1-58113-206-9},
	pages = {178--187},
	location = {Limerick, Ireland},
	doi = {http://doi.acm.org/10.1145/337180.337201},
	publisher = {ACM Press},
	address = {New York, NY, USA},
}

@manual{uk-def-stan,
  TITLE = {{Requirements for Safety Related Software in Defence Equipment}},
  AUTHOR = {{UK Ministry of Defence}},
  ORGANIZATION = {{Def Stan 00-55}}
}

@inproceedings{sokolsky@ipdps06,
 author = {Oleg Sokolsky and Insup Lee and Duncan Clark},
 title = {{Schedulability Analysis of AADL Models}},
 booktitle = {{IPDPS '06: 20th International Parallel and Distributed Processing Symposium}},
 month = {April},
 year = {2006}
}

@article{puente@adalett01,
 author = {Alejandro Alonso and Juan Antonio de la Puente},
 title = {{Implementation of Mode Changes with the Ravenscar Profile}},
 journal = {Ada Lett.},
 volume = {XXI},
 number = {1},
 year = {2001},
 issn = {1094-3641},
 pages = {27--32},
 doi = {http://doi.acm.org/10.1145/374369.374377},
 publisher = {ACM},
 address = {New York, NY, USA},
 }

@inproceedings{peyre@ae07,
  author    = {Claude Kaiser and
               Christophe Pajault and
               Jean-Fran\c{c}ois Pradat-Peyre},
  title     = {{Modelling Remote Concurrency with Ada}},
  booktitle = {Ada-Europe},
  year      = {2007},
  pages     = {192-207},
  ee        = {http://dx.doi.org/10.1007/978-3-540-73230-3_15},
  bibsource = {DBLP, http://dblp.uni-trier.de}
}

@article{gurevich@tcs05,
 author = {Yuri Gurevich and Benjamin Rossman and Wolfram Schulte},
 title = {{Semantic Essence of AsmL}},
 journal = {Theor. Comput. Sci.},
 volume = {343},
 number = {3},
 year = {2005},
 issn = {0304-3975},
 pages = {370--412},
 doi = {http://dx.doi.org/10.1016/j.tcs.2005.06.017},
 publisher = {Elsevier Science Publishers Ltd.},
 address = {Essex, UK},
 }

@inproceedings{turner@pstv87,
 author = {Kenneth J. Turner},
 title = {{An Architectural Semantics for LOTOS}},
 booktitle = {Proceedings of the IFIP WG6.1 Seventh International Conference on Protocol Specification, Testing and Verification VII},
 year = {1987},
 isbn = {0-444-70293-8},
 pages = {15--28},
 publisher = {North-Holland Publishing Co.},
 address = {Amsterdam, The Netherlands, The Netherlands},
 }

@Misc{raven-fadec,
  author = 	 {Aonix},
  title = 	 {{Pratt \& Whitney Certifies Engine to DO-178B Level-A with Aonix$^\circledR$ ObjectAdax$^\circledR$/RAVEN$^{TM}$}},
  howpublished = {\url{http://www.aonix.com/pr_01.24.02.html}},
  month = 	 "January",
  year = 	 {2002},
  note = 	 {{Press release}},
  annote = 	 {{Press release}}
}

@article{tokar@adalett03,
 author = {Joyce L. Tokar},
 title = {Space \& Time Partitioning with ARINC 653 and pragma profile},
 journal = {Ada Lett.},
 volume = {XXIII},
 number = {4},
 year = {2003},
 issn = {1094-3641},
 pages = {52--54},
 doi = {http://doi.acm.org/10.1145/959221.959232},
 publisher = {ACM},
 address = {New York, NY, USA},
 }

@Manual{arinc,
  title = 	 {{Avionics Application Standard Interface---ARINC Specification 653}},
  OPTauthor = 	 {},
  organization = {{ARINC Inc.}},
  OPTedition = 	 {},
  month = 	 {January},
  year = 	 {1997},
  OPTnote = 	 {},
  OPTannote = 	 {}
}

@inproceedings{cornwell@ae96,
 author = {Pete Cornwell and Andy J. Wellings},
 title = {{Transaction Specification for Object-Oriented Real-Time Systems in HRT-HOOD}},
 booktitle = {Proceedings of the Second International Eurospace - Ada-Europe Symposium on Ada in Europe},
 year = {1996},
 isbn = {3-540-60757-9},
 pages = {365--378},
 publisher = {Springer-Verlag},
 address = {London, UK},
 }

@inproceedings{jouault@oopsla06,
 author = {Fr\'{e}d\'{e}ric Jouault and Freddy Allilaire and Jean B\'{e}zivin and Ivan Kurtev and Patrick Valduriez},
 title = {{ATL: A QVT-like Transformation Language}},
 booktitle = {OOPSLA '06: Companion to the 21st ACM SIGPLAN conference on Object-oriented programming systems, languages, and applications},
 year = {2006},
 isbn = {1-59593-491-X},
 pages = {719--720},
 location = {Portland, Oregon, USA},
 doi = {http://doi.acm.org/10.1145/1176617.1176691},
 publisher = {ACM},
 address = {New York, NY, USA},
 }

@inproceedings{gerard@iceccs07,
 author = {Madeleine Faugere and Thimothee Bourbeau and Robert de Simone and Sebastien Gerard},
 title = {{MARTE: Also an UML Profile for Modeling AADL Applications}},
 booktitle = {ICECCS '07: Proceedings of the 12th IEEE International Conference on Engineering Complex Computer Systems (ICECCS 2007)},
 year = {2007},
 isbn = {0-7695-2895-3},
 pages = {359--364},
 doi = {http://dx.doi.org/10.1109/ICECCS.2007.29},
 publisher = {IEEE Computer Society},
 address = {Washington, DC, USA},
 }

@inproceedings{bernardi@wosp07,
 author = {Simona Bernardi and Jos\'{e} Merseguer},
 title = {{A UML Profile for Dependability Analysis of Real-time Embedded Systems}},
 booktitle = {WOSP '07: Proceedings of the 6th international workshop on Software and performance},
 year = {2007},
 isbn = {1-59593-297-6},
 pages = {115--124},
 location = {Buenes Aires, Argentina},
 doi = {http://doi.acm.org/10.1145/1216993.1217012},
 publisher = {ACM},
 address = {New York, NY, USA},
 }

@Manual{omg-marte,
  title = 	 {{MARTE UML Profile Specification---Beta 1}},
  organization = {{OMG}},
  month = 	 {April},
  year = 	 {2007},
  note = 	 {Available at \url{http://www.omg.org/docs/ptc/07-08-04.pdf}},
}

@article{joseph@tcj86,
author = {Joseph, M. and Pandya, P.},
title = {{Finding Response Times in a Real-Time System}},
journal = {The Computer Journal},
volume = {29},
number = {5},
pages = {390-395},
doi = {10.1093/comjnl/29.5.390},
year = {1986},
URL = {http://comjnl.oxfordjournals.org/cgi/content/abstract/29/5/390},
eprint = {http://comjnl.oxfordjournals.org/cgi/reprint/29/5/390.pdf}
}

@article{levine@sigops03,
 author = {Gertrude Neuman Levine},
 title = {Defining deadlock},
 journal = {SIGOPS Oper. Syst. Rev.},
 volume = {37},
 number = {1},
 year = {2003},
 issn = {0163-5980},
 pages = {54--64},
 doi = {http://doi.acm.org/10.1145/881775.881781},
 publisher = {ACM},
 address = {New York, NY, USA},
 }

@inproceedings{cornhill@irtaw87,
 author = {Dennis Cornhilll and Lui Sha and John P. Lehoczky},
 title = {{Limitations of Ada for Real-time Scheduling}},
 booktitle = {{IRTAW '87: Proceedings of the First International Workshop on Real-time Ada Issues}},
 year = {1987},
 isbn = {0-89791-240-3},
 pages = {33--39},
 location = {Morehampstead, Devon, United Kingdom},
 doi = {http://doi.acm.org/10.1145/36821.36798},
 publisher = {ACM Press},
 address = {New York, NY, USA},
 }

@article{leveson@computer93,
 author = {N. G. Leveson and C. S. Turner},
 title = {{An Investigation of the Therac-25 Accidents}},
 journal = {Computer},
 volume = {26},
 number = {7},
 year = {1993},
 issn = {0018-9162},
 pages = {18--41},
 doi = {http://dx.doi.org/10.1109/MC.1993.274940},
 publisher = {IEEE Computer Society Press},
 address = {Los Alamitos, CA, USA},
 }

@inproceedings{hugues@isorc07,
  author = {J. Hugues and B. Zalila and L. Pautet},
  title = {{Combining Model processing and Middleware Configuration for Building Distributed High-Integrity Systems}},
  booktitle = {{10th IEEE International Symposium on Object-oriented Real-time distributed Computing (ISORC'07)}},
  address = {Santorini Island, Greece},
  year = {2007},
  month = {may},
  volume = {},
  number = {},
  pages = {307-312},
  annote = {category=inproceedings state=published dept=infres project=safir}
}

@article{singhoff@alj04,
 Author = {F. Singhoff and J. Legrand and L. Nana Tchamnda and L. Marc{\'e}},
 Journal = {ACM Ada Letters journal, 24(4):1-8, ACM Press. Also published in the proceedings of the ACM SIGADA International Conference, Atlanta, 15-18 November, 2004},
  Month = Nov,
  Title = {{C}heddar : a {F}lexible {R}eal {T}ime {S}cheduling {F}ramework},
  Year = {2004}
}

@article{sha@ieeeproc94,
  author = {Lui Sha and Raj Rajkumar and Shirish Sathaye},
  title = {{Generalized Rate-Monotonic Scheduling Theory: A Framework for Developing Real-Time Systems}},
  year = {1994},
  month = {Jan},
  pages = {68--82},
  volume = {82},
  number = {1},
  journal = {{Proceedings of the IEEE}},
  issn = {0018-9219},
  publisher = {IEEE Press}
}

@inproceedings{hugues@rsp07,
  author = {J. Hugues and B. Zalila and L. Pautet},
  title = {{Rapid Prototyping of Distributed Real-Time Embedded Systems Using the AADL and Ocarina}},
  booktitle = {{18th IEEE/IFIP International Workshop on Rapid System Prototyping (RSP'07)}},
  address = {Porto Allegre Brazil},
  year = {2007},
  month = {may},
  volume = {},
  number = {},
  pages = {106-112},
  annote = {category=inproceedings state=published dept=infres project=safir}
}
